@book{IntroTrudeau,
    author = {Trudeau, R. ~J.},
    year = {1993},
    title = {{Introduction to Graph Theory}},
    publisher = {{Dover}}
}

@book{IntroWest,
    author = {West, D. ~B.},
    year = {2000},
    title = {{Introduction to Graph Theory}},
    publisher = {{Prentice-Hall}}
}

@book{Harary,
    author = {Harary, F.},
    year = {1994},
    title = {{Graph Theory}},
    publisher = {Addison-Wesley}
}

@book{Diestel,
    author = {Diestel, Reinhard},
    title = {Graph theory},
    edition = {5th edition},
    series = {Graduate Texts in Mathematics},
    volume = {173},
    year = {2017},
    publisher = {Berlin: Springer}
}

@book{Godsil:2001,
    author = {Godsil, C. ~D. and Royle, G.},
    year = {2001},
    title = {Algebraic Graph Theory},
    publisher = {New York, NY: Springer}
}

@book{BrouwerHaemers:2011,
	author  = {Brouwer, A.~E. and Haemers, W.~H.},
	year = {2011},
	title = {Spectra of Graphs},
	publisher = {Berlin: Springer}
}

@book{Lapan:2020,
    author = {Lapan, M.},
    year = {2020},
    title = {Deep Reinforcement Learning Hands-On},
    publisher = {Packt}
}

@book{AroraBarak,
    author = {Arora, S. and Barak, B},
    year = {2009},
    title = {Computational complexity. {A} modern approach.},
    publisher = {Cambridge: Cambridge University Press}
}

@book{Burgisser,
    author = {B{\"u}rgisser, Peter},
    title = {Completeness and reduction in algebraic complexity theory},
    series = {Algorithms and Computation in Mathematics},
    volume = {7},
    year = {2000},
    publisher = {Berlin: Springer},
}

@book{AppelHaken:book,
    author = {Appel, Kenneth and Haken, Wolfgang},
    title = {Every planar map is four colorable},
    series = {Contemporary Mathematics},
    volume = {98},
    year = {1989},
    publisher = {Providence, RI: American Mathematical Society}
}

@book{HalesFerguson,
    editor = {Lagarias, Jeffrey C.},
    title = {The {Kepler} conjecture. {The} {Hales}-{Ferguson} proof. {Including} a special issue of {Discrete} \& {Computational} {Geometry}},
    year = {2011},
    publisher = {Berlin: Springer}
}

@book{StatisticalLearning,
    author = {Hastie, Trevor and Tibshirani, Robert and Friedman, Jerome},
    title = {The elements of statistical learning. {Data} mining, inference, and prediction},
    edition = {2nd ed.},
    series = {Springer Series in Statistics},
    year = {2009},
    publisher = {New York, NY: Springer}
}

@book{SuttonBarto,
    author = {Sutton, Richard S. and Barto, Andrew G.},
    title = {Reinforcement learning. {An} introduction},
    edition = {2nd expanded and updated edition},
    series = {Adaptive Computation and Machine Learning},
    year = {2018},
    publisher = {Cambridge, MA: MIT Press}
}

@book{Bretscher,
    author = {Bretscher, Otto},
    title = {Linear algebra. {With} applications},
    year = {1997},
    publisher = {Upper Saddle River, NJ: Prentice Hall},
}

@book{humanizing,
    editor = {Sriraman, Bharath},
    title = {Humanizing mathematics and its philosophy. {Essays} celebrating the 90th birthday of {Reuben} {Hersh}},
    year = {2017},
    publisher = {Cham: Birkh{\"a}user/Springer}
}

@book{measure_theory,
     author = {Cohn, Donald L.},
     title = {Measure theory},
     edition = {2nd revised ed.},
     series = {Birkh{\"a}user Advanced Texts. Basler Lehrb{\"u}cher},
     year = {2013},
     publisher = {New York, NY: Birkh{\"a}user/Springer},
}

@book{buduma,
    title={Fundamentals of deep learning},
    author={Buduma, Nithin and Buduma, Nikhil and Papa, Joe},
    year={2022},
    publisher={" O'Reilly Media, Inc."}
}

@book{nielsen,
    title={Neural networks and deep learning},
    author={Nielsen, Michael A},
    volume={25},
    year={2015},
    publisher={Determination press San Francisco, CA, USA}
}

@book{goodfellow,
    title={Deep Learning},
    author={Ian Goodfellow and Yoshua Bengio and Aaron Courville},
    publisher={MIT Press},
    note={\url{http://www.deeplearningbook.org}},
    year={2016}
}

@article{franccois2018introduction,
    title={An introduction to deep reinforcement learning},
    author={Fran{\c{c}}ois-Lavet, Vincent and Henderson, Peter and Islam, Riashat and Bellemare, Marc G and Pineau, Joelle and others},
    journal={Foundations and Trends{\textregistered} in Machine Learning},
    volume={11},
    number={3-4},
    pages={219--354},
    year={2018},
    publisher={Now Publishers, Inc.}
}

@article{markov_chains,
      title={An introduction to Markov chains},
      author={Tolver, Anders},
      journal={Department of Mathematical Sciences, University of Copenhagen},
      year={2016}
}

@article{qr_algorithm,
    title={Understanding the QR algorithm},
    author={Watkins, David S},
    journal={SIAM review},
    volume={24},
    number={4},
    pages={427--440},
    year={1982},
    publisher={SIAM}
}

@article{matching_efficient,
    title={Efficient algorithms for finding maximum matching in graphs},
    author={Galil, Zvi},
    journal={ACM Computing Surveys (CSUR)},
    volume={18},
    number={1},
    pages={23--38},
    year={1986},
    publisher={ACM New York, NY, USA}
}

@article{AppelHaken:1,
    author = {Appel, K. and Haken, W.},
    title = {Every planar map is four colorable. {I}: {Discharging}},
    journal = {Illinois Journal of Mathematics},
    volume = {21},
    pages = {429--490},
    year = {1977}
}

@article{AppelHaken:2,
    author = {Appel, K. and Haken, W. and Koch, J.},
    title = {Every planar map is four colorable. {II}: {Reducibility}},
    journal = {Illinois Journal of Mathematics},
    volume = {21},
    pages = {491--567},
    year = {1977}
}

@article{RobertsonSandersSeymourThomas,
    author = {Robertson, Neil and Sanders, Daniel P. and Seymour, Paul and Thomas, Robin},
    title = {A new proof of the four-colour theorem},
    journal = {Electronic Research Announcements of the American Mathematical Society},
    volume = {02},
    number = {1},
    pages = {17--25},
    year = {1996}
}

@article{Wagner:2021,
    author = {Wagner, A. ~Z.},
    title = {Constructions in combinatorics via neural networks},
    journal = {arXiv:2104.14516v1},
    year = {2021}
}

@article{zbMATH05637279,
    author = {Geuvers, H.},
    title = {Proof assistants: history, ideas and future},
    journal = {S{\=a}dhan{\=a}},
    volume = {34},
    number = {1},
    pages = {3--25},
    year = {2009},
}

@article{RoucairolCazenave:2022,
    author = {Roucairol, M. and Cazenave, T.},
    title = {{Refutation of Spectral Graph Theory Conjectures with Monte Carlo Search}},
    journal = {arXiv:2207.03343v1},
    year = {2022}
}

@article{Stevanovic,
    author = {Stevanović, D. and Damnjanović, I. and Stevanović, D. },
    title = {{Finding counterexamples for a conjecture of Akbari, Alazemi and Andelić}}, 
    journal = {arXiv:2111.15303v1},
    year = {2021}
}

@article{BrinkmannGunnarGoedgebeurHagglund,
    author = {Brinkmann, Gunnar and Goedgebeur, Jan and H{\"a}gglund, Jonas and Markstr{\"o}m, Klas},
    title = {Generation and properties of snarks},
    journal = {Journal of Combinatorial Theory. Series B},
    volume = {103},
    number = {4},
    pages = {468--488},
    year = {2013}
}

@article{Goedgebeur,
    author = {Goedgebeur, Jan},
    title = {A counterexample to the pseudo 2-factor isomorphic graph conjecture},
    journal = {Discrete Applied Mathematics},
    volume = {193},
    pages = {57--60},
    year = {2015}
}

@article{FranceticHerkeMckayWanless,
    author = {Franceti{\'c}, Nevena and Herke, Sarada and McKay, Brendan D. and Wanless, Ian M.},
    title = {On {Ryser}'s conjecture for linear intersecting multipartite hypergraphs},
    journal = {European Journal of Combinatorics},
    volume = {61},
    pages = {91--105},
    year = {2017}
}

@article{GaoMckayNaserasrStevens,
    author = {Gao, Zhicheng and McKay, Brendan D. and Naserasr, Reza and Stevens, Brett},
    title = {Bipartite edge partitions and the former {Alon}-{Saks}-{Seymour} conjecture},
    journal = {The Australasian Journal of Combinatorics},
    volume = {66},
    pages = {211--228},
    year = {2016}
}

@article{fourcolortheorem,
    author = {{Appel, K. and Haken, W. and Koch, J.}},
    title = {Every planar map is four colorable. {II}: {Reducibility}},
    journal = {{Illinois Journal of Mathematics}}, 
    volume = {21},
    pages = {491--567},
    year = {1977}
}

@article{keplerconjecture,
    author = {Hales, T. ~H.},
    title = {{An Overview of the Kepler Conjecture}},
    journal = {arXiv:math/9811071v2},
    year = {2002}
}

@article{Mitrea:Tucker,
    author = {Mitrea, Irina and Tucker, Warwick},
    title = {Some counterexamples for the spectral-radius conjecture},
    journal = {Differential and Integral Equations},
    volume = {16},
    number = {12},
    pages = {1409--1439},
    year = {2003}
}

@article{Odlyzko:Riele,
    author = {Odlyzko, A. M. and te Riele, Herman J. J.},
    title = {Disproof of the {Mertens} conjecture},
    journal = {Journal f{\"u}r die Reine und Angewandte Mathematik},
    volume = {357},
    pages = {138--160},
    year = {1985}
}

@article{Lander:Parkin,
    author = {Lander, L. J. and Parkin, T. R.},
    title = {A counterexample to {Euler}'s sum of powers conjecture},
    journal = {Mathematics of Computation},
    volume = {21},
    pages = {101--103},
    year = {1967}
}

@article{shi,
    author = {Shi, Lingsheng},
    title = {Bounds on the ({Laplacian}) spectral radius of graphs},
    journal = {Linear Algebra and its Applications},
    volume = {422},
    number = {2-3},
    pages = {755--770},
    year = {2007}
}

@misc{zbMATH03632548,
    author = {Foldes, S. and Hammer, P. ~L.},
    title = {Split graphs},
    year = {1977},
    HowPublished = {Proc. 8th southeast. {Conf}. on {Combinatorics}, graph theory, and computing; {Baton} {Rouge} 1977, 311-315 (1977)}
}

@article{zbMATH01917871,
    author = {Merris, R.},
    title = {Split graphs},
    journal = {European Journal of Combinatorics},
    volume = {24},
    number = {4},
    pages = {413--430},
    year = {2003},
}

@article{zbMATH03773637,
    author = {Hammer, P. ~L. and Simeone, B.},
    title = {The splittance of a graph},
    journal = {Combinatorica},
    volume = {1},
    pages = {275--284},
    year = {1981},
}

@InCollection{zbMATH00554762,
     author = {Blair, J. ~R. ~S. and Peyton, B.},
     title = {An introduction to chordal graphs and clique trees},
     bookTitle = {Graph theory and sparse matrix computation. Proceedings of a workshop that was an integral part of the 1991-92 IMA program on ''Applied linear algebra'', Minneapolis, MN (USA)},
     pages = {1--29},
     year = {1993},
     publisher = {New York: Springer-Verlag},
}

@article{zbMATH04055093,
    author = {Cvetkovi{\'c}, Drago{\v{s}} and Pevac, Irena},
    title = {Man-machine theorem proving in graph theory},
    journal = {Artificial Intelligence},
    volume = {35},
    number = {1},
    pages = {1--23},
    year = {1988},
}

@Misc{zbMATH03845636,
    author = {Cvetkovi{\'c}, Drago{\v{s}} M.},
    title = {Discussing graph theory with a computer. {IV}: {Knowledge} organization and examples of theorem proving},
    year = {1984},
    HowPublished = {Graph theory, {Proc}. 4th {Yugosl}. {Semin}., {Novi} {Sad}/{Yugosl}. 1983, 43-68 (1984).},
}

@incollection{zbMATH05037207,
    author = {Cvetkovi{\'c}, Drago{\v{s}} and Simi{\'c}, Slobodan},
    title = {Graph theoretical results obtained by the support of the expert system ``{Graph}'' -- an extended survey},
    bookTitle = {Graphs and discovery. Proceedings of the DIMACS working group, computer-generated conjectures from graph theoretic and chemical databases, November 12--16, 2001, and DIMACS public event, graph theory day 42, November 10, 2001, Piscataway, NJ, USA.},
    pages = {39--70},
    year = {2005},
    publisher = {Providence, RI: American Mathematical Society (AMS)},
}

@incollection{zbMATH00861421,
    author = {Fajtlowicz, Siemion},
    title = {On conjectures of {Graffiti}. {V}},
    booktitle = {Graph theory, combinatorics, algorithms and applications. Vol. 1. Proceedings of the seventh quadrennial international conference on the theory and applications of graphs, Kalamazoo, MI, USA, June 1-5, 1992},
    pages = {367--376},
    year = {1995},
    publisher = {New York, NY: Wiley},
}

@article{zbMATH05689445,
    author = {Aouchiche, M. and Hansen, P.},
    title = {A survey of automated conjectures in spectral graph theory},
    journal = {Linear Algebra and its Applications},
    volume = {432},
    number = {9},
    pages = {2293--2322},
    year = {2010}
}

@article{zbMATH06349864,
    author = {Aouchiche, M. and Caporossi, G. and Hansen, P.},
    title = {Open problems on graph eigenvalues studied with {AutoGraphiX}},
    journal = {EURO Journal on Computational Optimization},
    volume = {1},
    number = {1-2},
    pages = {181--199},
    year = {2013}
}

@article{zbMATH01420211,
    author = {Caporossi, G. and Hansen, P.},
    title = {Variable neighborhood search for extremal graphs. {I}: {The} {AutoGraphiX} system},
    journal = {Discrete Mathematics},
    volume = {212},
    number = {1-2},
    pages = {29--44},
    year = {2000}
}

@article{zbMATH02041897,
    author = {Caporossi, Gilles and Hansen, Pierre},
    title = {Variable neighborhood search for extremal graphs. {V}: {Three} ways to automate finding conjectures},
    journal = {Discrete Mathematics},
    volume = {276},
    number = {1-3},
    pages = {81--94},
    year = {2004}
}

@inbook{autographix2,
    author = {Aouchiche, Mustapha and Bonnefoy, Jean-Marc and Fidahoussen, Alain and Caporossi, Gilles and Hansen, Pierre and Hiesse, Laurent and Lacheré, Julien and Monhait, Aube},
    year = {2006},
    month = {01},
    pages = {281-},
    title = {Variable Neighborhood Search for Extremal Graphs, 14. The AutoGraphiX 2 System},
}

@article{zbMATH05804421,
    author = {Stevanovi{\'c}, Dragan},
    title = {Resolution of {AutoGraphiX} conjectures relating the index and matching number of graphs},
    journal = {Linear Algebra and its Applications},
    volume = {433},
    number = {8-10},
    pages = {1674--1677},
    year = {2010}
}

@article{GroneMerris,
    author = {Grone, Robert and Merris, Russell},
    title = {The {Laplacian} spectrum of a graph. {II}},
    journal = {SIAM Journal on Discrete Mathematics},
    volume = {7},
    number = {2},
    pages = {221--229},
    year = {1994}
}

@article{HuaBai,
    author = {Bai, Hua},
    title = {The {Grone}-{Merris} conjecture},
    journal = {Transactions of the American Mathematical Society},
    volume = {363},
    number = {8},
    pages = {4463--4474},
    year = {2011}
}

@article{Chen:2019,
    author = {Chen, X.},
    title = {On {Brouwer}'s conjecture for the sum of {{\(k\)}} largest {Laplacian} eigenvalues of graphs},
    journal = {Linear Algebra and its Applications},
    volume = {578},
    pages = {402--410},
    year = {2019}
}

@article{Cooper:2020,
    author = {Cooper, J. ~N.},
    title = {Constraints on {Brouwer’s Laplacian Spectrum Conjecture}},
    journal = {arXiv:2003.03447v1},
    year = {2020}
}

@article{Rocha:2019,
    author = {Rocha, I.},
    title = {Brouwer's conjecture holds asymptotically almost surely},
    journal = {arXiv:1906.05368v1},
    year = {2019}
}

@article{DuZhou:2012,
    author = {Du, Z. and Zhou, B.},
    title = {Upper bounds for the sum of {Laplacian} eigenvalues of graphs},
    journal = {Linear Algebra and its Applications},
    volume = {436},
    number = {9},
    pages = {3672--3683},
    year = {2012}
}

@article{Haemers:Mohammadian,
    author = {Haemers, W. H. and Mohammadian, A. and Tayfeh-Rezaie, B.},
    title = {On the sum of {Laplacian} eigenvalues of graphs},
    journal = {Linear Algebra and its Applications},
    volume = {432},
    number = {9},
    pages = {2214--2221},
    year = {2010}
}

@article{Ashraf:Omidi:Tayfeh-Rezaie,
    author = {Ashraf, F. and Omidi, G. R. and Tayfeh-Rezaie, B.},
    title = {On the sum of signless {Laplacian} eigenvalues of a graph},
    journal = {Linear Algebra and its Applications},
    volume = {438},
    number = {11},
    pages = {4539--4546},
    year = {2013}
}

@article{Wang:Huang:Liu,
    author = {Wang, Shouzhong and Huang, Yufei and Liu, Bolian},
    title = {On a conjecture for the sum of {Laplacian} eigenvalues},
    journal = {Mathematical and Computer Modelling},
    volume = {56},
    number = {3-4},
    pages = {60--68},
    year = {2012}
}

@article{Fritscher:Hoppen:Rocha:Trevisan,
    author = {Fritscher, Eliseu and Hoppen, Carlos and Rocha, Israel and Trevisan, Vilmar},
    title = {On the sum of the {Laplacian} eigenvalues of a tree},
    journal = {Linear Algebra and its Applications},
    volume = {435},
    number = {2},
    pages = {371--399},
    year = {2011}
}

@article{Alhevaz:Baghipur:Ganie:Pirzada,
    author = {Alhevaz, A. and Baghipur, M. and Ganie, Hilal A. and Pirzada, S.},
    title = {Brouwer type conjecture for the eigenvalues of distance signless {Laplacian} matrix of a graph},
    journal = {Linear and Multilinear Algebra},
    volume = {69},
    number = {13},
    pages = {2423--2440},
    year = {2021}
}

@article{Alzubi,
  title={Machine Learning from Theory to Algorithms: An Overview},
  author={Jafar Ahmad Abed Alzubi and Anand Nayyar and Akshi Kumar},
  journal={Journal of Physics: Conference Series},
  year={2018},
  volume={1142}
}

@misc{Berndsen,
    author = {Berndsen, J. and Blokhuis, A.},
    title = {Three problems in algebraic combinatorics},
    note = {Master's thesis, Eindhoven University of Technology},
    year = {2012}
}

@misc{Mayank,
    author = {Mayank, O.},
    title = {Variants of the {Grone-Merris} conjecture},
    note = {Master's thesis, Eindhoven University of Technology},
    year = {2010}
}

@article{watkins,
    title={Learning from delayed rewards},
    author={Watkins, Christopher John Cornish Hellaby},
    year={1989},
    publisher={King's College, Cambridge United Kingdom}
}

@article{watkins:dayan,
    author = {Watkins, Christopher J. C. H. and Dayan, Peter},
    title = {{{\({\mathcal Q}\)}}-learning},
    journal = {Machine Learning},
    volume = {8},
    number = {3-4},
    pages = {279--292},
    year = {1992}
}

@article{fourati2021artificial,
    title={Artificial intelligence for satellite communication: A review},
    author={Fourati, Fares and Alouini, Mohamed-Slim},
    journal={Intelligent and Converged Networks},
    volume={2},
    number={3},
    pages={213--243},
    year={2021},
    publisher={TUP}
}

@article{McCulloch:Pitts,
    title={A logical calculus of the ideas immanent in nervous activity},
    author={McCulloch, Warren S and Pitts, Walter},
    journal={The bulletin of mathematical biophysics},
    volume={5},
    number={4},
    pages={115--133},
    year={1943},
    publisher={Springer}
}

@article{rumelhart,
    title={Learning representations by back-propagating errors},
    author={Rumelhart, David E and Hinton, Geoffrey E and Williams, Ronald J},
    journal={nature},
    volume={323},
    number={6088},
    pages={533--536},
    year={1986},
    publisher={Nature Publishing Group}
}

@article{modern_math,
    title={The modern mathematics of deep learning},
    author={Berner, Julius and Grohs, Philipp and Kutyniok, Gitta and Petersen, Philipp},
    journal={arXiv:2105.04026},
    year={2021}
}

@techreport{hagberg2008exploring,
    title = {{Exploring network structure, dynamics, and function using NetworkX}},
    author = {Hagberg, A. and Swart, P. and S Chult, D.},
    year = {2008}
} 

@techreport{rosenblatt,
    title={Principles of neurodynamics. perceptrons and the theory of brain mechanisms},
    author={Rosenblatt, Frank},
    year={1961},
    institution={Cornell Aeronautical Lab Inc Buffalo NY}
}

@inproceedings{sparse,
    title={A study on dense and sparse (visual) rewards in robot policy learning},
    author={Mohtasib, Abdalkarim and Neumann, Gerhard and Cuay{\'a}huitl, Heriberto},
    booktitle={Annual Conference Towards Autonomous Robotic Systems},
    pages={3--13},
    year={2021},
    organization={Springer}
}

@article{2020SciPy-NMeth,
    author  = {Virtanen, Pauli and Gommers, Ralf and Oliphant, Travis E. and Haberland, Matt and Reddy, Tyler and Cournapeau, David and Burovski, Evgeni and Peterson, Pearu and Weckesser, Warren and Bright, Jonathan and {van der Walt}, St{\'e}fan J. and Brett, Matthew and Wilson, Joshua and Millman, K. Jarrod and Mayorov, Nikolay and Nelson, Andrew R. J. and Jones, Eric and Kern, Robert and Larson, Eric and Carey, C J and Polat, {\.I}lhan and Feng, Yu and Moore, Eric W. and {VanderPlas}, Jake and Laxalde, Denis and Perktold, Josef and Cimrman, Robert and Henriksen, Ian and Quintero, E. A. and Harris, Charles R. and Archibald, Anne M. and Ribeiro, Ant{\^o}nio H. and Pedregosa, Fabian and {van Mulbregt}, Paul and {SciPy 1.0 Contributors}},
    title   = {{{SciPy} 1.0: Fundamental Algorithms for Scientific Computing in Python}},
    journal = {Nature Methods},
    year    = {2020},
    volume  = {17},
    pages   = {261--272},
    adsurl  = {https://rdcu.be/b08Wh}
}

@article{harris2020array,
    title = {Array programming with {NumPy}},
    author = {Charles R. Harris and K. Jarrod Millman and St{\'{e}}fan J. van der Walt and Ralf Gommers and Pauli Virtanen and David Cournapeau and Eric Wieser and Julian Taylor and Sebastian Berg and Nathaniel J. Smith and Robert Kern and Matti Picus and Stephan Hoyer and Marten H. van Kerkwijk and Matthew Brett and Allan Haldane and Jaime Fern{\'{a}}ndez del R{\'{i}}o and Mark Wiebe and Pearu Peterson and Pierre G{\'{e}}rard-Marchant and Kevin Sheppard and Tyler Reddy and Warren Weckesser and Hameer Abbasi and Christoph Gohlke and Travis E. Oliphant},
    year = {2020},
    journal = {Nature},
    volume = {585},
    number = {7825},
    pages = {357--362},
    publisher = {Springer Science and Business Media {LLC}}
}

@inproceedings{dundar,
    title={Learning classifiers when the training data is not IID.},
    author={Dundar, Murat and Krishnapuram, Balaji and Bi, Jinbo and Rao, R Bharat},
    booktitle={IJCAI},
    volume={2007},
    pages={756--61},
    year={2007}
}

@misc{chollet2015keras,
  title={Keras},
  author={Chollet, Fran\c{c}ois and others},
  year={2015},
  publisher={GitHub},
  howpublished={\url{https://github.com/fchollet/keras}},
}

@misc{Castelvecchi:2021,
    author = {Castelvecchi, Davide},
    title  = {Mathematicians welcome computer-assisted proof in ‘grand unification’ theory},
    note = {\url{https://www.nature.com/articles/d41586-021-01627-2}},
    year = {2021}
}

@misc{GithubWagner,
    author = {Wagner, A. ~Z.},
    title = {Cross entropy for combinatorics},
    note = {\url{https://github.com/zawagner22/cross-entropy-for-combinatorics}}
}

@misc{GithubLaura,
    note = {\url{https://github.com/lventosa/code-math-undergrad-thesis}}
}

@misc{WrittenWall,
    author = {Fajtlowicz, J.},
    title = {{Written on the Wall II (Conjectures of Graffiti.pc)}},
    note = {\url{http://cms.uhd.edu/faculty/delavinae/research/wowii/}}

}

@misc{GowersBlog,
    author = {Gowers, W. ~T.},
    title = {Announcing an automatic theorem proving project},
    year = {2022},
    note = {\url{https://gowers.wordpress.com/2022/04/28/announcing-an-automatic-theorem-proving-project/}}
}

@misc{Samuel,
    author = {Samuel, A. L.},
    title = {Some studies in machine learning using the game of checkers},
    year = {1961},
    HowPublished = {Lern. {Automaten}, {Ber}. {Fachtagung} nachrichtentechn. {Ges}., {Karlsruhe}, 13. und 14. {April} 1961, 155-178 (1961).},
}

@misc{ec2, 
    note={\url{https://aws.amazon.com/ec2/?nc1=h_ls}}
}

@misc{spotty,
    note={\url{https://spotty.cloud/index.html}}
}

@misc{logtail,
    note={\url{https://betterstack.com/logtail}}
}

@misc{psutil,
    note={\url{https://github.com/giampaolo/psutil}}
}

@misc{memory_leak,
    note={\url{https://github.com/keras-team/keras/issues/13118}}
}

@misc{wagner_code,
    note={\url{https://github.com/zawagner22/cross-entropy-for-combinatorics/blob/main/demos/cem_binary_conj21.py}}
}

@misc{tensorflow,
    title={ {TensorFlow}: Large-Scale Machine Learning on Heterogeneous Systems},
    url={https://www.tensorflow.org/},
    note={Software available from tensorflow.org},
    author={
        Mart\'{i}n~Abadi and
        Ashish~Agarwal and
        Paul~Barham and
        Eugene~Brevdo and
        Zhifeng~Chen and
        Craig~Citro and
        Greg~S.~Corrado and
        Andy~Davis and
        Jeffrey~Dean and
        Matthieu~Devin and
        Sanjay~Ghemawat and
        Ian~Goodfellow and
        Andrew~Harp and
        Geoffrey~Irving and
        Michael~Isard and
        Yangqing Jia and
        Rafal~Jozefowicz and
        Lukasz~Kaiser and
        Manjunath~Kudlur and
        Josh~Levenberg and
        Dandelion~Man\'{e} and
        Rajat~Monga and
        Sherry~Moore and
        Derek~Murray and
        Chris~Olah and
        Mike~Schuster and
        Jonathon~Shlens and
        Benoit~Steiner and
        Ilya~Sutskever and
        Kunal~Talwar and
        Paul~Tucker and
        Vincent~Vanhoucke and
        Vijay~Vasudevan and
        Fernanda~Vi\'{e}gas and
        Oriol~Vinyals and
        Pete~Warden and
        Martin~Wattenberg and
        Martin~Wicke and
        Yuan~Yu and
        Xiaoqiang~Zheng},
      year={2015},
}
